<?xml version="1.0" encoding="UTF-8"?><collection xmlns="http://www.loc.gov/MARC21/slim"><record><leader>00559nam--2200181-i-4500</leader><controlfield tag="001">000001411</controlfield><controlfield tag="002">20161230</controlfield><controlfield tag="005">20161230201024</controlfield><controlfield tag="008">060222s1000------------r-----000-0-eng-d</controlfield><datafield ind1=" " ind2=" " tag="040"><subfield code="a">IFIN-HH</subfield></datafield><datafield ind1=" " ind2=" " tag="080"><subfield code="a">539.163(083)</subfield></datafield><datafield ind1="1" ind2=" " tag="100"><subfield code="a">Dorner, R</subfield></datafield><datafield ind1="1" ind2="0" tag="245"><subfield code="a">Zaed schwachung der photonenstrahlung von radionukliden. teil 3: abschirmmaterial: eisen</subfield><subfield code="c">R. dorner, h.-g. vogt</subfield></datafield><datafield ind1=" " ind2=" " tag="260"><subfield code="a">Karlsruhe</subfield><subfield code="b">Fachinformationszentrum</subfield><subfield code="c">1986</subfield></datafield><datafield ind1=" " ind2=" " tag="490"><subfield code="a">Physik Daten Physics Data 28-3 1986</subfield></datafield><datafield ind1="1" ind2=" " tag="700"><subfield code="a">Vogt, H.G</subfield></datafield><datafield ind1=" " ind2=" " tag="852"><subfield code="a">47445</subfield><subfield code="c">53.081</subfield></datafield><datafield ind1=" " ind2=" " tag="CAT"><subfield code="a">Sys</subfield><subfield code="c">20160405</subfield><subfield code="h">094905</subfield></datafield></record></collection>